@misc{kaggle,
  title = "Kaggle: House Prices: Advanced Regression Techniques",
  author = "www.kaggle.com",
  year = "2018",
  url = "https://www.kaggle.com/c/house-prices-advanced-regression-techniques\#description",
  note = "[Online; accessed 26-March-2019]"
},
@article{cock_2011,
  title={Ames, Iowa: Alternative to the Boston Housing Data as an End of Semester Regression Project},
  volume={19},
  DOI={10.1080/10691898.2011.11889627},
  number={3},
  journal={Journal of Statistics Education},
  author={Cock, Dean De},
  year={2011}
},
@article{tibshirani_1996,
  title={Regression Shrinkage and Selection Via the Lasso},
  volume={58}, DOI={10.1111/j.2517-6161.1996.tb02080.x},
  number={1},
  journal={Journal of the Royal Statistical Society: Series B (Methodological)},
  author={Tibshirani, Robert},
  year={1996},
  pages={267â€“288}
},
@article{mason_2002,
  author= {Mason, Llew and Baxter, Jonathan and Bartlett, Peter and Frean, Marcus},
  year= {2002},
  month= {06},
  pages= {},
  title= {Boosting Algorithms as Gradient Descent},
  volume= {12},
  journal= {Adv Neural Inf Process Syst}
}
